@article{Cootes2001,
author = {Cootes, T. F. and Edwards, G. J. and Taylor, C. J.},
journal = {IEEE Transactions on Pattern Analysis and Machine Intelligence (TPAMI)},
title = {Active Appearance Models},
year = {2001}
}

@article{Matthews2004,
author = {Matthews, Iain and Baker, Simon},
journal = {International Journal of Computer Vision (IJCV)},
title = {Active Appearance Models Revisited},
year = {2004}
}

@inproceedings{DelaTorre2008,
author = {De la Torre, Fernando and Nguyen, Minh Hoai},
booktitle = {IEEE Conference on Computer Vision and Pattern Recognition (CVPR)},
title = {Parameterized Kernel Principal Component Analysis: Theory and Applications to Supervised and Unsupervised Image Alignment},
year = {2008}
}

@article{DelaTorre2012,
 author = {{De la Torre}, Fernando},
 journal = {IEEE Transactions on Pattern Analysis and Machine Intelligence (PAMI)},
 title = {A least-squares framework for Component Analysis},
 year = {2012}
 }

@inproceedings{Hamsici2009,
author = {Hamsici, O.C. and Martinez, A.M.},
booktitle = {IEEE Conference on Computer Vision and Pattern Recognition (CVPR)},
title = {Active Appearance Models with Rotation Invariant Kernels},
year = {2009}
}

@inproceedings{Belhumeur2011,
author = {Belhumeur, P. N. and Jacobs, D. W. and Kriegman, D. J. and Kumar, N.},
title = {Localizing parts of faces using a consensus of exemplars},
booktitle = {Conference on Computer Vision and Pattern Recognition (CVPR)},
year = {2011}
}

@inproceedings{Gonazalez2007,
author = {Gonzalez, Jose and De la Torre, Fernando and  Murthi, Rajesh and Guil, Nicolas and Zapata, Emilio L.},
booktitle = {IEEE International Conference on Computer Vision Workshop (ICCV-W)},
title = {Bilinear Active Appearance Models},
year = {2007}
}

@article{Tipping1999,
author = {Tipping, Michael E and Bishop, Christopher M},
journal = {Journal of the Royal Statistical Society: Series B (Statistical Methodology)},
title = {Probabilistic Principal Component Analysis},
year = {1999}
}

@article{Prince2012,
author = {Prince, Simon and Li, Peng and Fu, Yun and Mohammed, Umar and Elder, James H.},
title = {Probabilistic Models for Inference about Identity},
journal = {IEEE Transactions on Pattern Analysis and Machine Intelligence (TPAMI)},
year = {2012}
}

@article{Roweis1998,
author = {Roweis, Sam},
journal = {Advances in Neural Information Processing Systems (NIPS)},
title = {EM Algorithms for PCA and SPCA},
year = {1998}
}

@article{Moghaddam1997,
author = {Moghaddam, Baback and Pentland, Alex},
journal = {IEEE Transactions on Pattern Analysis and Machine Intelligence (TPAMI)},
title = {Probabilistic Visual Learning for Object Representation},
year = {1997}
}

@techreport{Bach2005,
author = {Bach, Francis and Jordan, Michael},
institution = {Department of Statistics, University of California, Berkeley},
title = {A Probabilistic Interpretation of Canonical Correlation Analysis},
year = {2005}
}

@inproceedings{Nicolau2014,
author = {Nicolaou, M. A. and Zafeiriou, Stefanos and Pantic, Pantic},
booktitle = {Machine Learning and Knowledge Discovery in Databases (ECML PKDD)},
title = {A Unified Framework for Probabilistic Component Analysis},
year = {2014}
}

@inproceedings{Papandreou2008,
author = {Papandreou, G. and Maragos, P.},
booktitle = {IEEE Conference on Computer Vision and Pattern Recognition (CVPR)},
title = {Adaptive and Constrained Algorithms for Inverse Compositional Active Appearance Model Fitting},
year = {2008}
}

@inproceedings{Menpo2014,
 author = {Alabort-i\mbox{-Medina}, Joan and Antonakos, Epameinondas and Booth, James and Snape, Patrick and Zafeiriou, Stefanos},
 title = {Menpo: A Comprehensive Platform for Parametric Image Alignment and Visual Deformable Models},
 booktitle = {ACM International Conference on Multimedia (ACMM)},
 year = {2014}
}

@techreport{Cootes2004,
author = {Cootes, T. F. and Taylor, C. J.},
institution = {Imaging Science and Biomedical Engineering, University of Manchester},
title = {Statistical Models of Appearance for Computer Vision},
year = {2004}
}

@article{Gross2005,
author = {Gross, Ralph and Matthews, Iain and Baker, Simon},
journal = {Image and Vision Computing},
title = {Generic vs. person specific active appearance models},
year = {2005},
}

@inproceedings{vanderMaaten2010,
author = {van der Maaten, Laurens and Hendriks, Emile},
booktitle = {IEEE Conference on Computer Vision and Pattern Recognition Workshop (CVPR-W)},
title = {Capturing Appearance Variation in Active Appearance Models},
year = {2010}
}

@inproceedings{Tzimiropoulos2013,
author = {Tzimiropoulos, Georgios and Pantic, Maja},
booktitle = {IEEE International Conference on Computer Vision (ICCV)},
title = {Optimization Problems for Fast AAM Fitting in-the-Wild},
year = {2013}
}

@inproceedings{Tzimiropoulos2014,
author = {Tzimiropoulos, Georgios and Pantic, Maja},
booktitle = {IEEE Conference on Computer Vision and Pattern Recognition (CVPR)},
title = {Gauss-Newton Deformable Part Models for Face Alignment in-the-Wild},
year = {2014}
}

@inproceedings{Kossaifi2014,
author = {Kossaifi, Jean and Tzimiropoulos, Georgios and Pantic, Maja},
booktitle = {IEEE International Conference on Image Processing (ICIP)},
title = {Fast Newton Active Appearance Models},
year = {2014}
}

@inproceedings{Kittipanya2006,
author = {Kittipanya-ngam, P. and  Cootes, T.F},
booktitle = {International Conference on Pattern Recognition (ICPR)},
title = {The Effect of Texture Representations on AAM Performance},
year = {2006}
}

@inproceedings{Langs2006,
author = {Langs, Georg and Peloschek, Philipp and Donner, Rene and Reiter, Michael and Bischof, Horst},
booktitle = {International Conference on Pattern Recognition (ICPR)},
title = {Active Feature Models},
year = {2006}
}

@inproceedings{Cootes2001b,
author = {Cootes, T. F. and Taylor, C. J.},
booktitle = {IEEE Conference on Computer Vision and Pattern Recognition (CVPR)},
title = {On Representing Edge Structure for Model Matching},
year = {2001}
}

@article{Lucey2013,
author = {Lucey, Simon and Navarathna, Rajitha and Ashraf, Ahmed Bilal and Sridharan, Sridha},
booktitle = {IEEE Transactions on Pattern Analysis and Machine Intelligence (TPAMI)},
title = {Fourier Lucas-Kanade Algorithm},
year = {2013}
}

@inproceedings{Zhou2010,
author = {Zhou, Mingcai and Liang, Lin and Sun, Jian and Wang, Yangsheng},
booktitle = {IEEE Conference on Computer Vision and Pattern Recognition (CVPR)},
title = {AAM based Face Tracking with Temporal Matching and Face Segmentation},
year = {2010}
}

@inproceedings{Tzimiropoulos2012,
author = {Tzimiropoulos, Georgios and \mbox{Alabort-i-Medina}, Joan and Zafeiriou, Stefanos and Pantic, Maja},
booktitle = {IEEE Asian Conference on Computer Vision (ACCV)},
title = {Generic Active Appearance Models Revisited},
year = {2012}
}

@article{Antonakos2014,
author = {Antonakos, Epameinondas, and \mbox{Alabort-i-Medina}, Joan and Tzimiropoulos, Georgios and Zafeiriou, Stefanos},
booktitle = {IEEE Transactions on Image Processing (TIP)},
title = {Feature-Based Lucas-Kanade and Active Appearance Models},
year = {2014}
}

@inproceedings{Alabort2014,
author = {\mbox{Alabort-i-Medina}, Joan and Zafeiriou, Stefanos},
booktitle = {IEEE Conference on Computer Vision and Pattern Recognition (CVPR)},
title = {Bayesian Active Appearance Models},
year = {2014}
}

@inproceedings{Lowe1999,
author = {Lowe, David G.},
booktitle = {IEEE International Conference on Computer Vision},
title = {Object Recognition from Local Scale-Invariant Features},
year = {1999}
}

@article{Ce2011,
author = {Liu, Ce  and Yuen, J. and Torralba, A.},
booktitle = {IEEE Transactions on Pattern Analysis and Machine Intelligence (TPAMI)},
title = {SIFT Flow: Dense Correspondence across Scenes and Its Applications},
year = {2011}
}

@article{Bookstein1989,
author = {Bookstein, Fred J.},
booktitle = {IEEE Transactions on Pattern Analysis and Machine Intelligence (TPAMI)},
title = {Principal Warps: Thin-Plate Splines and the Decomposition of Deformations},
year = {1989}
}

@inproceedings{Dalal2005,
author = {Dalal, N. and Triggs, B.},
booktitle = {IEEE Conference on Computer Vision and Pattern Recognition (CVPR)},
title = {Histograms of Oriented Gradients for Human Detection},
year = {2005}
}

@inproceedings{Amberg2009,
author = {Amberg, B. and Blake, A. and Vetter, T.},
booktitle = {IEEE Conference on Computer Vision and Pattern Recognition (CVPR)},
title = {On compositional Image Alignment, with an application to Active Appearance Models},
year = {2009}
}

@article{Liu2009,
author={Liu, Xiaoming},
journal={IEEE Transactions on Pattern Analysis and Machine Intelligence (TPAMI)},
title={Discriminative Face Alignment},
year={2009}
}

@inproceedings{Sanchez2012,
author = {S\'anchez-Lozano, Enrique and De la Torre, Fernando and Gonz\'alez-Jim\'enez, Daniel},
booktitle = {European Conference on Computer Vision (ECCV)},
title = {Continuous Regression for Non-Rigid Image Alignment},
year = {2012}
}

@article{Saragih2009,
author = {Saragih, Jason and G\"{o}cke, Roland},
journal = {Pattern Recognition},
title = {Learning AAM Fitting Through Simulation},
year = {2009}
}

@inproceedings{Hou2001,
author = {Hou, Xinwen and Li, Stan Z. and Zhang, Hongjiang and Cheng, QianSheng},
booktitle = {IEEE Conference on Computer Vision and Pattern Recognition (CVPR)},
title = {Direct Appearance Models},
year = {2001}
}

@inproceedings{Sauer2011,
author = {Sauer, Patrick and Cootes, Tim and Taylor, Chris},
booktitle = {British Machine Vision Conference (BMVC)},
title = {Accurate Regression Procedures for Active Appearance Models},
year = {2011}
}

@inproceedings{Xiong2013,
author = {Xiong, Xuehan and De la Torre, F.},
booktitle = {IEEE Conference on Computer Vision and Pattern Recognition (CVPR)},
title = {Supervised Descent Method and Its Applications to Face Alignment},
year = {2013}
}

@article{Batur2005,
author={Batur, A.U. and Hayes, M.H.},
journal={IEEE Transactions on Image Processing (TIP)},
title={Adaptive active appearance models},
year={2005}
}

@article{Baker2004,
author = {Baker, Simon and Matthews, Iain},
journal = {International Journal of Computer Vision (IJCV)},
title = {Lucas-Kanade 20 Years On: A Unifying Framework},
year = {2004}
}

@article{Munoz2014,
title={Rationalizing Efficient Compositional Image Alignment},
author={Muñoz, Enrique and Márquez-Neila, Pablo and Baumela, Luis},
journal={International Journal of Computer Vision (IJCV)},
year={2014}
}

@inproceedings{Martins2010,
author = {Martins, Pedro and Batista, Jorge and Caseiro, Rui},
booktitle = {British Machine Vision Conference (BMVC)},
title = {Face Alignment Through 2.5D Active Appearance Models},
year = {2010}
}

@article{Okatani2006,
author = {Takayuki Okatani and Koichiro Deguchi},
journal = {International Journal of Computer Vision (IJCV)},
title = {On the Wiberg algorithm for matrix factorization in the presence of missing components},
year = {2006}
}

@article{Donner2006,
author = {Donner, R. and Reiter, M. and Langs, G. and Peloschek, P. and Bischof, H.},
journal = {IEEE Transactions on Pattern Analysis and Machine Intelligence},
title = {Fast Active Appearance Model Search Using Canonical Correlation Analysis},
year = {2006}
}

@inbook{Woodbury1950,
author = {Woodbury, Max A.},
publisher = {Princeton University},
title = {Inverting Modified Matrices},
year = {1950}
}

@inproceedings{Megret2008,
author = {Mégret, Rémi and Authesserre, Jean-Baptiste and Berthoumieu, Yannick},
booktitle = {European Conference on Computer Vision (ECCV)},
title = {The Bi-directional Framework for Unifying Parametric Image Alignment Approaches},
year = {2008}
}

@inproceedings{Malis2004,
author = {Malis, E.},
booktitle = {International Conference on Robotics and Automation (ICRA)},
title = {Improving vision-based control using efficient second-order minimization techniques},
year = {2004}
}

@article{Brooks2010,
 author = {Brooks, Rupert and Arbel, Tal},
 journal = {International Journal of Computer Vision (IJCV)},
 title = {Generalizing Inverse Compositional and ESM Image Alignment},
 year = {2010}
}

@inproceedings{Asthana2013,
author = {Asthana, A. and Zafeiriou, S. and Cheng, S. and Pantic, M.},
title = {Robust Discriminative Response Map Fitting with Constrained Local Models},
booktitle = {IEEE Conference on Computer Vision and Pattern Recognition (CVPR)},
year = {2013}
}

@article{Megret2010,
author = {Mégret, Rémi and Authesserre, Jean-Baptiste and Berthoumieu, Yannick},
journal = {IEEE Transactions on Image Processing (TIP)},
title = {Bidirectional Composition on Lie Groups for Gradient-Based Image Alignment},
year = {2010}
}

@inproceedings{Autheserre2009,
author = {Autheserre, J.-B. and Megret, R. and Berthoumieu, Y.},
booktitle = {IEEE International Conference on Acoustics, Speech and Signal Processing (ICASSP)},
title = {Asymmetric gradient-based image alignment},
year = {2009}
}

@inproceedings{Strelow2012,
author = {Strelow, Dennis},
booktitle = {European Conference on Computer Vision (ECCV)},
title = {General and Nested Wiberg Minimization: L2 and Maximum Likelihood},
year = {2012}
}

@inbook{Boyd2004,
author = {Boyd, Stephen and Vandenberghe, Lieven},
publisher = {Cambridge university press},
title = {Convex optimization},
year = {2004}
}

@inproceedings{Edwards1998,
author = {Edwards, Gareth J and Taylor, Christopher J and Cootes, Timothy F},
booktitle = {IEEE International Conference on Automatic Face and Gesture Recognition},
title = {Interpreting face images using active appearance models},
year = {1998}
}

@inproceedings{Tresadern2010,
author = {Philip A. Tresadern and Patrick Sauer and Timothy F. Cootes},
booktitle = {British Machine Vision Conference (BMVC)},
title = {Additive Update Predictors in Active Appearance Models},
year = {2010}
}

@inproceedings{Benhimane2004,
author = {Benhimane, Selim  and Malis, Ezio },
booktitle = {IEEE International Conference on Intelligent Robots and Systems (IROS)},
title = {Real-time image-based tracking of planes using efficient second-order minimization},
year = {2004}
}

@inproceedings{Le2012, 
author = {Le, Vuong and Brandt Jonathan and Lin, Zhe and Boudev, Lubomir and Huang, Thomas S.},
title = {Interactive Facial Feature Localization},
booktitle = {European Conference on Computer Vision (ECCV)},
year = {2012}
}
